<?xml version="1.0" encoding="UTF-8"?><collection xmlns="http://www.loc.gov/MARC21/slim"><record><leader>00385nam--2200133-i-4500</leader><controlfield tag="001">000025072</controlfield><controlfield tag="002">20161230</controlfield><controlfield tag="005">20161230201035</controlfield><controlfield tag="008">060222s1000------------r-----000-0-eng-d</controlfield><datafield ind1=" " ind2=" " tag="080"><subfield code="a">530.145</subfield></datafield><datafield ind1=" " ind2=" " tag="100"><subfield code="a">Esposito, F., Esposito, U</subfield></datafield><datafield ind1=" " ind2=" " tag="245"><subfield code="a">A  quasi renormalizable  model of field theory</subfield></datafield><datafield ind1=" " ind2=" " tag="260"><subfield code="a">Naples, Laboratory Of Cybernetics Of C.N.R., Arco Felice, 1969. 11 P</subfield></datafield><datafield ind1=" " ind2=" " tag="852"><subfield code="a">33029</subfield></datafield></record></collection>